%YAML 1.1
%TAG !u! tag:unity3d.com,2011:
--- !u!1 &680676952481763527
GameObject:
  m_ObjectHideFlags: 0
  m_CorrespondingSourceObject: {fileID: 0}
  m_PrefabInstance: {fileID: 0}
  m_PrefabAsset: {fileID: 0}
  serializedVersion: 6
  m_Component:
  - component: {fileID: 5261957969436182794}
  - component: {fileID: 8948097304190209788}
  - component: {fileID: 4020198236078623956}
  m_Layer: 5
  m_Name: Title
  m_TagString: Untagged
  m_Icon: {fileID: 0}
  m_NavMeshLayer: 0
  m_StaticEditorFlags: 0
  m_IsActive: 1
--- !u!224 &5261957969436182794
RectTransform:
  m_ObjectHideFlags: 0
  m_CorrespondingSourceObject: {fileID: 0}
  m_PrefabInstance: {fileID: 0}
  m_PrefabAsset: {fileID: 0}
  m_GameObject: {fileID: 680676952481763527}
  m_LocalRotation: {x: -0, y: -0, z: -0, w: 1}
  m_LocalPosition: {x: 0, y: 0, z: 0}
  m_LocalScale: {x: 1, y: 1, z: 1}
  m_Children: []
  m_Father: {fileID: 1649538242383347880}
  m_RootOrder: 0
  m_LocalEulerAnglesHint: {x: 0, y: 0, z: 0}
  m_AnchorMin: {x: 0, y: 0}
  m_AnchorMax: {x: 0, y: 0}
  m_AnchoredPosition: {x: 0, y: 0}
  m_SizeDelta: {x: 0, y: 50}
  m_Pivot: {x: 0.5, y: 1}
--- !u!222 &8948097304190209788
CanvasRenderer:
  m_ObjectHideFlags: 0
  m_CorrespondingSourceObject: {fileID: 0}
  m_PrefabInstance: {fileID: 0}
  m_PrefabAsset: {fileID: 0}
  m_GameObject: {fileID: 680676952481763527}
  m_CullTransparentMesh: 0
--- !u!114 &4020198236078623956
MonoBehaviour:
  m_ObjectHideFlags: 0
  m_CorrespondingSourceObject: {fileID: 0}
  m_PrefabInstance: {fileID: 0}
  m_PrefabAsset: {fileID: 0}
  m_GameObject: {fileID: 680676952481763527}
  m_Enabled: 1
  m_EditorHideFlags: 0
  m_Script: {fileID: 11500000, guid: f4688fdb7df04437aeb418b961361dc5, type: 3}
  m_Name: 
  m_EditorClassIdentifier: 
  m_Material: {fileID: 0}
  m_Color: {r: 1, g: 1, b: 1, a: 1}
  m_RaycastTarget: 1
  m_Maskable: 1
  m_OnCullStateChanged:
    m_PersistentCalls:
      m_Calls: []
  m_text: Mouse
  m_isRightToLeft: 0
  m_fontAsset: {fileID: 11400000, guid: 337ed27e52504d3429d441b2842c7b1d, type: 2}
  m_sharedMaterial: {fileID: -1817521816166677811, guid: 337ed27e52504d3429d441b2842c7b1d,
    type: 2}
  m_fontSharedMaterials: []
  m_fontMaterial: {fileID: 0}
  m_fontMaterials: []
  m_fontColor32:
    serializedVersion: 2
    rgba: 4294967295
  m_fontColor: {r: 1, g: 1, b: 1, a: 1}
  m_enableVertexGradient: 0
  m_colorMode: 3
  m_fontColorGradient:
    topLeft: {r: 1, g: 1, b: 1, a: 1}
    topRight: {r: 1, g: 1, b: 1, a: 1}
    bottomLeft: {r: 1, g: 1, b: 1, a: 1}
    bottomRight: {r: 1, g: 1, b: 1, a: 1}
  m_fontColorGradientPreset: {fileID: 0}
  m_spriteAsset: {fileID: 0}
  m_tintAllSprites: 0
  m_overrideHtmlColors: 0
  m_faceColor:
    serializedVersion: 2
    rgba: 4294967295
  m_outlineColor:
    serializedVersion: 2
    rgba: 4278190080
  m_fontSize: 24
  m_fontSizeBase: 24
  m_fontWeight: 400
  m_enableAutoSizing: 0
  m_fontSizeMin: 18
  m_fontSizeMax: 72
  m_fontStyle: 0
  m_textAlignment: 514
  m_characterSpacing: 0
  m_wordSpacing: 0
  m_lineSpacing: 0
  m_lineSpacingMax: 0
  m_paragraphSpacing: 0
  m_charWidthMaxAdj: 0
  m_enableWordWrapping: 1
  m_wordWrappingRatios: 0.4
  m_overflowMode: 0
  m_firstOverflowCharacterIndex: -1
  m_linkedTextComponent: {fileID: 0}
  m_isLinkedTextComponent: 0
  m_isTextTruncated: 0
  m_enableKerning: 1
  m_enableExtraPadding: 0
  checkPaddingRequired: 0
  m_isRichText: 1
  m_parseCtrlCharacters: 1
  m_isOrthographic: 1
  m_isCullingEnabled: 0
  m_ignoreRectMaskCulling: 0
  m_ignoreCulling: 1
  m_horizontalMapping: 0
  m_verticalMapping: 0
  m_uvLineOffset: 0
  m_geometrySortingOrder: 0
  m_VertexBufferAutoSizeReduction: 1
  m_firstVisibleCharacter: 0
  m_useMaxVisibleDescender: 1
  m_pageToDisplay: 1
  m_margin: {x: 0, y: 0, z: 0, w: 0}
  m_textInfo:
    textComponent: {fileID: 4020198236078623956}
    characterCount: 5
    spriteCount: 0
    spaceCount: 0
    wordCount: 1
    linkCount: 0
    lineCount: 1
    pageCount: 1
    materialCount: 1
  m_isUsingLegacyAnimationComponent: 0
  m_isVolumetricText: 0
  m_spriteAnimator: {fileID: 0}
  m_hasFontAssetChanged: 0
  m_subTextObjects:
  - {fileID: 0}
  - {fileID: 0}
  - {fileID: 0}
  - {fileID: 0}
  - {fileID: 0}
  - {fileID: 0}
  - {fileID: 0}
  - {fileID: 0}
  m_baseMaterial: {fileID: 0}
  m_maskOffset: {x: 0, y: 0, z: 0, w: 0}
--- !u!1 &7432642509411766350
GameObject:
  m_ObjectHideFlags: 0
  m_CorrespondingSourceObject: {fileID: 0}
  m_PrefabInstance: {fileID: 0}
  m_PrefabAsset: {fileID: 0}
  serializedVersion: 6
  m_Component:
  - component: {fileID: 1649538242383347880}
  - component: {fileID: 7149467785476430235}
  - component: {fileID: 8253269741656011811}
  - component: {fileID: 1252354732876297544}
  - component: {fileID: 4320312035088872654}
  m_Layer: 5
  m_Name: Mouse GUI
  m_TagString: Untagged
  m_Icon: {fileID: 0}
  m_NavMeshLayer: 0
  m_StaticEditorFlags: 0
  m_IsActive: 1
--- !u!224 &1649538242383347880
RectTransform:
  m_ObjectHideFlags: 0
  m_CorrespondingSourceObject: {fileID: 0}
  m_PrefabInstance: {fileID: 0}
  m_PrefabAsset: {fileID: 0}
  m_GameObject: {fileID: 7432642509411766350}
  m_LocalRotation: {x: 0, y: 0, z: 0, w: 1}
  m_LocalPosition: {x: 0, y: 0, z: 0}
  m_LocalScale: {x: 1, y: 1, z: 1}
  m_Children:
  - {fileID: 5261957969436182794}
  - {fileID: 8880014908986428463}
  - {fileID: 4061963221587286582}
  - {fileID: 4790271586884616589}
  - {fileID: 5077760754645789537}
  m_Father: {fileID: 0}
  m_RootOrder: 0
  m_LocalEulerAnglesHint: {x: 0, y: 0, z: 0}
  m_AnchorMin: {x: 0, y: 0}
  m_AnchorMax: {x: 0, y: 0}
  m_AnchoredPosition: {x: 210, y: 112.7}
  m_SizeDelta: {x: 480, y: 374}
  m_Pivot: {x: 0.5, y: 0.5}
--- !u!222 &7149467785476430235
CanvasRenderer:
  m_ObjectHideFlags: 0
  m_CorrespondingSourceObject: {fileID: 0}
  m_PrefabInstance: {fileID: 0}
  m_PrefabAsset: {fileID: 0}
  m_GameObject: {fileID: 7432642509411766350}
  m_CullTransparentMesh: 0
--- !u!114 &8253269741656011811
MonoBehaviour:
  m_ObjectHideFlags: 0
  m_CorrespondingSourceObject: {fileID: 0}
  m_PrefabInstance: {fileID: 0}
  m_PrefabAsset: {fileID: 0}
  m_GameObject: {fileID: 7432642509411766350}
  m_Enabled: 1
  m_EditorHideFlags: 0
  m_Script: {fileID: 11500000, guid: fe87c0e1cc204ed48ad3b37840f39efc, type: 3}
  m_Name: 
  m_EditorClassIdentifier: 
  m_Material: {fileID: 0}
  m_Color: {r: 0.4528302, g: 0.4528302, b: 0.4528302, a: 1}
  m_RaycastTarget: 1
  m_Maskable: 1
  m_OnCullStateChanged:
    m_PersistentCalls:
      m_Calls: []
  m_Sprite: {fileID: 0}
  m_Type: 0
  m_PreserveAspect: 0
  m_FillCenter: 1
  m_FillMethod: 4
  m_FillAmount: 1
  m_FillClockwise: 1
  m_FillOrigin: 0
  m_UseSpriteMesh: 0
  m_PixelsPerUnitMultiplier: 1
--- !u!114 &1252354732876297544
MonoBehaviour:
  m_ObjectHideFlags: 0
  m_CorrespondingSourceObject: {fileID: 0}
  m_PrefabInstance: {fileID: 0}
  m_PrefabAsset: {fileID: 0}
  m_GameObject: {fileID: 7432642509411766350}
  m_Enabled: 1
  m_EditorHideFlags: 0
  m_Script: {fileID: 11500000, guid: 59f8146938fff824cb5fd77236b75775, type: 3}
  m_Name: 
  m_EditorClassIdentifier: 
  m_Padding:
    m_Left: 10
    m_Right: 10
    m_Top: 10
    m_Bottom: 10
  m_ChildAlignment: 0
  m_Spacing: 10
  m_ChildForceExpandWidth: 1
  m_ChildForceExpandHeight: 0
  m_ChildControlWidth: 1
  m_ChildControlHeight: 0
  m_ChildScaleWidth: 0
  m_ChildScaleHeight: 0
--- !u!114 &4320312035088872654
MonoBehaviour:
  m_ObjectHideFlags: 0
  m_CorrespondingSourceObject: {fileID: 0}
  m_PrefabInstance: {fileID: 0}
  m_PrefabAsset: {fileID: 0}
  m_GameObject: {fileID: 7432642509411766350}
  m_Enabled: 1
  m_EditorHideFlags: 0
  m_Script: {fileID: 11500000, guid: f86bed0231d4d89468b6fcec7cb5401c, type: 3}
  m_Name: 
  m_EditorClassIdentifier: 
  mapping_gui: {fileID: 0}
  title_text: {fileID: 4020198236078623956}
  sensibility_slider_gui:
  - {fileID: 7044526261133570033}
  - {fileID: 2495548115879246312}
  horizontal_toggle: {fileID: 805893365538002016}
  vertical_toggle: {fileID: 1090638152484257420}
--- !u!1001 &4276048959429994477
PrefabInstance:
  m_ObjectHideFlags: 0
  serializedVersion: 2
  m_Modification:
    m_TransformParent: {fileID: 1649538242383347880}
    m_Modifications:
    - target: {fileID: 71804716589276862, guid: 962658c5c5a8b8a4faf49b1fbb8d7d7f,
        type: 3}
      propertyPath: m_AnchorMax.y
      value: 0
      objectReference: {fileID: 0}
    - target: {fileID: 1531960363188531406, guid: 962658c5c5a8b8a4faf49b1fbb8d7d7f,
        type: 3}
      propertyPath: m_AnchorMin.y
      value: 0
      objectReference: {fileID: 0}
    - target: {fileID: 1531960363188531406, guid: 962658c5c5a8b8a4faf49b1fbb8d7d7f,
        type: 3}
      propertyPath: m_AnchorMax.y
      value: 0
      objectReference: {fileID: 0}
    - target: {fileID: 1531960363188531406, guid: 962658c5c5a8b8a4faf49b1fbb8d7d7f,
        type: 3}
      propertyPath: m_AnchoredPosition.x
      value: 0
      objectReference: {fileID: 0}
    - target: {fileID: 1531960363188531406, guid: 962658c5c5a8b8a4faf49b1fbb8d7d7f,
        type: 3}
      propertyPath: m_AnchoredPosition.y
      value: 0
      objectReference: {fileID: 0}
    - target: {fileID: 1884896287001477924, guid: 962658c5c5a8b8a4faf49b1fbb8d7d7f,
        type: 3}
      propertyPath: m_fontAsset
      value: 
      objectReference: {fileID: 11400000, guid: 337ed27e52504d3429d441b2842c7b1d,
        type: 2}
    - target: {fileID: 3216444337411260720, guid: 962658c5c5a8b8a4faf49b1fbb8d7d7f,
        type: 3}
      propertyPath: m_Name
      value: sensibility X
      objectReference: {fileID: 0}
    - target: {fileID: 3686874525759152513, guid: 962658c5c5a8b8a4faf49b1fbb8d7d7f,
        type: 3}
      propertyPath: m_fontAsset
      value: 
      objectReference: {fileID: 11400000, guid: 337ed27e52504d3429d441b2842c7b1d,
        type: 2}
    - target: {fileID: 4642003253839522754, guid: 962658c5c5a8b8a4faf49b1fbb8d7d7f,
        type: 3}
      propertyPath: m_LocalPosition.x
      value: 0
      objectReference: {fileID: 0}
    - target: {fileID: 4642003253839522754, guid: 962658c5c5a8b8a4faf49b1fbb8d7d7f,
        type: 3}
      propertyPath: m_LocalPosition.y
      value: 0
      objectReference: {fileID: 0}
    - target: {fileID: 4642003253839522754, guid: 962658c5c5a8b8a4faf49b1fbb8d7d7f,
        type: 3}
      propertyPath: m_LocalPosition.z
      value: 0
      objectReference: {fileID: 0}
    - target: {fileID: 4642003253839522754, guid: 962658c5c5a8b8a4faf49b1fbb8d7d7f,
        type: 3}
      propertyPath: m_LocalRotation.x
      value: -0
      objectReference: {fileID: 0}
    - target: {fileID: 4642003253839522754, guid: 962658c5c5a8b8a4faf49b1fbb8d7d7f,
        type: 3}
      propertyPath: m_LocalRotation.y
      value: -0
      objectReference: {fileID: 0}
    - target: {fileID: 4642003253839522754, guid: 962658c5c5a8b8a4faf49b1fbb8d7d7f,
        type: 3}
      propertyPath: m_LocalRotation.z
      value: -0
      objectReference: {fileID: 0}
    - target: {fileID: 4642003253839522754, guid: 962658c5c5a8b8a4faf49b1fbb8d7d7f,
        type: 3}
      propertyPath: m_LocalRotation.w
      value: 1
      objectReference: {fileID: 0}
    - target: {fileID: 4642003253839522754, guid: 962658c5c5a8b8a4faf49b1fbb8d7d7f,
        type: 3}
      propertyPath: m_RootOrder
      value: 1
      objectReference: {fileID: 0}
    - target: {fileID: 4642003253839522754, guid: 962658c5c5a8b8a4faf49b1fbb8d7d7f,
        type: 3}
      propertyPath: m_LocalEulerAnglesHint.x
      value: 0
      objectReference: {fileID: 0}
    - target: {fileID: 4642003253839522754, guid: 962658c5c5a8b8a4faf49b1fbb8d7d7f,
        type: 3}
      propertyPath: m_LocalEulerAnglesHint.y
      value: 0
      objectReference: {fileID: 0}
    - target: {fileID: 4642003253839522754, guid: 962658c5c5a8b8a4faf49b1fbb8d7d7f,
        type: 3}
      propertyPath: m_LocalEulerAnglesHint.z
      value: 0
      objectReference: {fileID: 0}
    - target: {fileID: 4642003253839522754, guid: 962658c5c5a8b8a4faf49b1fbb8d7d7f,
        type: 3}
      propertyPath: m_AnchoredPosition.x
      value: 0
      objectReference: {fileID: 0}
    - target: {fileID: 4642003253839522754, guid: 962658c5c5a8b8a4faf49b1fbb8d7d7f,
        type: 3}
      propertyPath: m_AnchoredPosition.y
      value: 0
      objectReference: {fileID: 0}
    - target: {fileID: 4642003253839522754, guid: 962658c5c5a8b8a4faf49b1fbb8d7d7f,
        type: 3}
      propertyPath: m_SizeDelta.x
      value: 0
      objectReference: {fileID: 0}
    - target: {fileID: 4642003253839522754, guid: 962658c5c5a8b8a4faf49b1fbb8d7d7f,
        type: 3}
      propertyPath: m_SizeDelta.y
      value: 87.1
      objectReference: {fileID: 0}
    - target: {fileID: 4642003253839522754, guid: 962658c5c5a8b8a4faf49b1fbb8d7d7f,
        type: 3}
      propertyPath: m_AnchorMin.x
      value: 0
      objectReference: {fileID: 0}
    - target: {fileID: 4642003253839522754, guid: 962658c5c5a8b8a4faf49b1fbb8d7d7f,
        type: 3}
      propertyPath: m_AnchorMin.y
      value: 0
      objectReference: {fileID: 0}
    - target: {fileID: 4642003253839522754, guid: 962658c5c5a8b8a4faf49b1fbb8d7d7f,
        type: 3}
      propertyPath: m_AnchorMax.x
      value: 0
      objectReference: {fileID: 0}
    - target: {fileID: 4642003253839522754, guid: 962658c5c5a8b8a4faf49b1fbb8d7d7f,
        type: 3}
      propertyPath: m_AnchorMax.y
      value: 0
      objectReference: {fileID: 0}
    - target: {fileID: 4642003253839522754, guid: 962658c5c5a8b8a4faf49b1fbb8d7d7f,
        type: 3}
      propertyPath: m_Pivot.x
      value: 0.5
      objectReference: {fileID: 0}
    - target: {fileID: 4642003253839522754, guid: 962658c5c5a8b8a4faf49b1fbb8d7d7f,
        type: 3}
      propertyPath: m_Pivot.y
      value: 0.5
      objectReference: {fileID: 0}
    - target: {fileID: 7040039181430001581, guid: 962658c5c5a8b8a4faf49b1fbb8d7d7f,
        type: 3}
      propertyPath: m_AnchorMin.y
      value: 0
      objectReference: {fileID: 0}
    - target: {fileID: 7040039181430001581, guid: 962658c5c5a8b8a4faf49b1fbb8d7d7f,
        type: 3}
      propertyPath: m_AnchorMax.y
      value: 0
      objectReference: {fileID: 0}
    - target: {fileID: 7040039181430001581, guid: 962658c5c5a8b8a4faf49b1fbb8d7d7f,
        type: 3}
      propertyPath: m_AnchoredPosition.x
      value: 0
      objectReference: {fileID: 0}
    - target: {fileID: 7040039181430001581, guid: 962658c5c5a8b8a4faf49b1fbb8d7d7f,
        type: 3}
      propertyPath: m_AnchoredPosition.y
      value: 0
      objectReference: {fileID: 0}
    - target: {fileID: 7607299987566579356, guid: 962658c5c5a8b8a4faf49b1fbb8d7d7f,
        type: 3}
      propertyPath: m_AnchorMax.y
      value: 0
      objectReference: {fileID: 0}
    - target: {fileID: 8241078634384326594, guid: 962658c5c5a8b8a4faf49b1fbb8d7d7f,
        type: 3}
      propertyPath: m_fontAsset
      value: 
      objectReference: {fileID: 11400000, guid: 337ed27e52504d3429d441b2842c7b1d,
        type: 2}
    m_RemovedComponents: []
  m_SourcePrefab: {fileID: 100100000, guid: 962658c5c5a8b8a4faf49b1fbb8d7d7f, type: 3}
--- !u!224 &8880014908986428463 stripped
RectTransform:
  m_CorrespondingSourceObject: {fileID: 4642003253839522754, guid: 962658c5c5a8b8a4faf49b1fbb8d7d7f,
    type: 3}
  m_PrefabInstance: {fileID: 4276048959429994477}
  m_PrefabAsset: {fileID: 0}
--- !u!114 &7044526261133570033 stripped
MonoBehaviour:
  m_CorrespondingSourceObject: {fileID: 6527049087043635228, guid: 962658c5c5a8b8a4faf49b1fbb8d7d7f,
    type: 3}
  m_PrefabInstance: {fileID: 4276048959429994477}
  m_PrefabAsset: {fileID: 0}
  m_GameObject: {fileID: 0}
  m_Enabled: 1
  m_EditorHideFlags: 0
  m_Script: {fileID: 11500000, guid: 8e67165949f21d64ba72f46ae178b11c, type: 3}
  m_Name: 
  m_EditorClassIdentifier: 
--- !u!1001 &8661912308473573876
PrefabInstance:
  m_ObjectHideFlags: 0
  serializedVersion: 2
  m_Modification:
    m_TransformParent: {fileID: 1649538242383347880}
    m_Modifications:
    - target: {fileID: 71804716589276862, guid: 962658c5c5a8b8a4faf49b1fbb8d7d7f,
        type: 3}
      propertyPath: m_AnchorMax.y
      value: 0
      objectReference: {fileID: 0}
    - target: {fileID: 1531960363188531406, guid: 962658c5c5a8b8a4faf49b1fbb8d7d7f,
        type: 3}
      propertyPath: m_AnchorMin.y
      value: 0
      objectReference: {fileID: 0}
    - target: {fileID: 1531960363188531406, guid: 962658c5c5a8b8a4faf49b1fbb8d7d7f,
        type: 3}
      propertyPath: m_AnchorMax.y
      value: 0
      objectReference: {fileID: 0}
    - target: {fileID: 1531960363188531406, guid: 962658c5c5a8b8a4faf49b1fbb8d7d7f,
        type: 3}
      propertyPath: m_AnchoredPosition.x
      value: 0
      objectReference: {fileID: 0}
    - target: {fileID: 1531960363188531406, guid: 962658c5c5a8b8a4faf49b1fbb8d7d7f,
        type: 3}
      propertyPath: m_AnchoredPosition.y
      value: 0
      objectReference: {fileID: 0}
    - target: {fileID: 1884896287001477924, guid: 962658c5c5a8b8a4faf49b1fbb8d7d7f,
        type: 3}
      propertyPath: m_textInfo.characterCount
      value: 11
      objectReference: {fileID: 0}
    - target: {fileID: 1884896287001477924, guid: 962658c5c5a8b8a4faf49b1fbb8d7d7f,
        type: 3}
      propertyPath: m_textInfo.wordCount
      value: 1
      objectReference: {fileID: 0}
    - target: {fileID: 1884896287001477924, guid: 962658c5c5a8b8a4faf49b1fbb8d7d7f,
        type: 3}
      propertyPath: m_textInfo.lineCount
      value: 1
      objectReference: {fileID: 0}
    - target: {fileID: 1884896287001477924, guid: 962658c5c5a8b8a4faf49b1fbb8d7d7f,
        type: 3}
      propertyPath: m_textInfo.pageCount
      value: 1
      objectReference: {fileID: 0}
    - target: {fileID: 1884896287001477924, guid: 962658c5c5a8b8a4faf49b1fbb8d7d7f,
        type: 3}
      propertyPath: m_fontAsset
      value: 
      objectReference: {fileID: 11400000, guid: 337ed27e52504d3429d441b2842c7b1d,
        type: 2}
    - target: {fileID: 3216444337411260720, guid: 962658c5c5a8b8a4faf49b1fbb8d7d7f,
        type: 3}
      propertyPath: m_Name
      value: sensibility Y
      objectReference: {fileID: 0}
    - target: {fileID: 3686874525759152513, guid: 962658c5c5a8b8a4faf49b1fbb8d7d7f,
        type: 3}
      propertyPath: m_textInfo.characterCount
      value: 13
      objectReference: {fileID: 0}
    - target: {fileID: 3686874525759152513, guid: 962658c5c5a8b8a4faf49b1fbb8d7d7f,
        type: 3}
      propertyPath: m_textInfo.spaceCount
      value: 1
      objectReference: {fileID: 0}
    - target: {fileID: 3686874525759152513, guid: 962658c5c5a8b8a4faf49b1fbb8d7d7f,
        type: 3}
      propertyPath: m_textInfo.wordCount
      value: 2
      objectReference: {fileID: 0}
    - target: {fileID: 3686874525759152513, guid: 962658c5c5a8b8a4faf49b1fbb8d7d7f,
        type: 3}
      propertyPath: m_textInfo.lineCount
      value: 1
      objectReference: {fileID: 0}
    - target: {fileID: 3686874525759152513, guid: 962658c5c5a8b8a4faf49b1fbb8d7d7f,
        type: 3}
      propertyPath: m_textInfo.pageCount
      value: 1
      objectReference: {fileID: 0}
    - target: {fileID: 3686874525759152513, guid: 962658c5c5a8b8a4faf49b1fbb8d7d7f,
        type: 3}
      propertyPath: m_fontAsset
      value: 
      objectReference: {fileID: 11400000, guid: 337ed27e52504d3429d441b2842c7b1d,
        type: 2}
    - target: {fileID: 4642003253839522754, guid: 962658c5c5a8b8a4faf49b1fbb8d7d7f,
        type: 3}
      propertyPath: m_LocalPosition.x
      value: 0
      objectReference: {fileID: 0}
    - target: {fileID: 4642003253839522754, guid: 962658c5c5a8b8a4faf49b1fbb8d7d7f,
        type: 3}
      propertyPath: m_LocalPosition.y
      value: 0
      objectReference: {fileID: 0}
    - target: {fileID: 4642003253839522754, guid: 962658c5c5a8b8a4faf49b1fbb8d7d7f,
        type: 3}
      propertyPath: m_LocalPosition.z
      value: 0
      objectReference: {fileID: 0}
    - target: {fileID: 4642003253839522754, guid: 962658c5c5a8b8a4faf49b1fbb8d7d7f,
        type: 3}
      propertyPath: m_LocalRotation.x
      value: -0
      objectReference: {fileID: 0}
    - target: {fileID: 4642003253839522754, guid: 962658c5c5a8b8a4faf49b1fbb8d7d7f,
        type: 3}
      propertyPath: m_LocalRotation.y
      value: -0
      objectReference: {fileID: 0}
    - target: {fileID: 4642003253839522754, guid: 962658c5c5a8b8a4faf49b1fbb8d7d7f,
        type: 3}
      propertyPath: m_LocalRotation.z
      value: -0
      objectReference: {fileID: 0}
    - target: {fileID: 4642003253839522754, guid: 962658c5c5a8b8a4faf49b1fbb8d7d7f,
        type: 3}
      propertyPath: m_LocalRotation.w
      value: 1
      objectReference: {fileID: 0}
    - target: {fileID: 4642003253839522754, guid: 962658c5c5a8b8a4faf49b1fbb8d7d7f,
        type: 3}
      propertyPath: m_RootOrder
      value: 2
      objectReference: {fileID: 0}
    - target: {fileID: 4642003253839522754, guid: 962658c5c5a8b8a4faf49b1fbb8d7d7f,
        type: 3}
      propertyPath: m_LocalEulerAnglesHint.x
      value: 0
      objectReference: {fileID: 0}
    - target: {fileID: 4642003253839522754, guid: 962658c5c5a8b8a4faf49b1fbb8d7d7f,
        type: 3}
      propertyPath: m_LocalEulerAnglesHint.y
      value: 0
      objectReference: {fileID: 0}
    - target: {fileID: 4642003253839522754, guid: 962658c5c5a8b8a4faf49b1fbb8d7d7f,
        type: 3}
      propertyPath: m_LocalEulerAnglesHint.z
      value: 0
      objectReference: {fileID: 0}
    - target: {fileID: 4642003253839522754, guid: 962658c5c5a8b8a4faf49b1fbb8d7d7f,
        type: 3}
      propertyPath: m_AnchoredPosition.x
      value: 0
      objectReference: {fileID: 0}
    - target: {fileID: 4642003253839522754, guid: 962658c5c5a8b8a4faf49b1fbb8d7d7f,
        type: 3}
      propertyPath: m_AnchoredPosition.y
      value: 0
      objectReference: {fileID: 0}
    - target: {fileID: 4642003253839522754, guid: 962658c5c5a8b8a4faf49b1fbb8d7d7f,
        type: 3}
      propertyPath: m_SizeDelta.x
      value: 0
      objectReference: {fileID: 0}
    - target: {fileID: 4642003253839522754, guid: 962658c5c5a8b8a4faf49b1fbb8d7d7f,
        type: 3}
      propertyPath: m_SizeDelta.y
      value: 87.1
      objectReference: {fileID: 0}
    - target: {fileID: 4642003253839522754, guid: 962658c5c5a8b8a4faf49b1fbb8d7d7f,
        type: 3}
      propertyPath: m_AnchorMin.x
      value: 0
      objectReference: {fileID: 0}
    - target: {fileID: 4642003253839522754, guid: 962658c5c5a8b8a4faf49b1fbb8d7d7f,
        type: 3}
      propertyPath: m_AnchorMin.y
      value: 0
      objectReference: {fileID: 0}
    - target: {fileID: 4642003253839522754, guid: 962658c5c5a8b8a4faf49b1fbb8d7d7f,
        type: 3}
      propertyPath: m_AnchorMax.x
      value: 0
      objectReference: {fileID: 0}
    - target: {fileID: 4642003253839522754, guid: 962658c5c5a8b8a4faf49b1fbb8d7d7f,
        type: 3}
      propertyPath: m_AnchorMax.y
      value: 0
      objectReference: {fileID: 0}
    - target: {fileID: 4642003253839522754, guid: 962658c5c5a8b8a4faf49b1fbb8d7d7f,
        type: 3}
      propertyPath: m_Pivot.x
      value: 0.5
      objectReference: {fileID: 0}
    - target: {fileID: 4642003253839522754, guid: 962658c5c5a8b8a4faf49b1fbb8d7d7f,
        type: 3}
      propertyPath: m_Pivot.y
      value: 0.5
      objectReference: {fileID: 0}
    - target: {fileID: 7040039181430001581, guid: 962658c5c5a8b8a4faf49b1fbb8d7d7f,
        type: 3}
      propertyPath: m_AnchorMin.y
      value: 0
      objectReference: {fileID: 0}
    - target: {fileID: 7040039181430001581, guid: 962658c5c5a8b8a4faf49b1fbb8d7d7f,
        type: 3}
      propertyPath: m_AnchorMax.y
      value: 0
      objectReference: {fileID: 0}
    - target: {fileID: 7040039181430001581, guid: 962658c5c5a8b8a4faf49b1fbb8d7d7f,
        type: 3}
      propertyPath: m_AnchoredPosition.x
      value: 0
      objectReference: {fileID: 0}
    - target: {fileID: 7040039181430001581, guid: 962658c5c5a8b8a4faf49b1fbb8d7d7f,
        type: 3}
      propertyPath: m_AnchoredPosition.y
      value: 0
      objectReference: {fileID: 0}
    - target: {fileID: 7607299987566579356, guid: 962658c5c5a8b8a4faf49b1fbb8d7d7f,
        type: 3}
      propertyPath: m_AnchorMax.y
      value: 0
      objectReference: {fileID: 0}
    - target: {fileID: 8241078634384326594, guid: 962658c5c5a8b8a4faf49b1fbb8d7d7f,
        type: 3}
      propertyPath: m_textInfo.characterCount
      value: 1
      objectReference: {fileID: 0}
    - target: {fileID: 8241078634384326594, guid: 962658c5c5a8b8a4faf49b1fbb8d7d7f,
        type: 3}
      propertyPath: m_textInfo.wordCount
      value: 1
      objectReference: {fileID: 0}
    - target: {fileID: 8241078634384326594, guid: 962658c5c5a8b8a4faf49b1fbb8d7d7f,
        type: 3}
      propertyPath: m_textInfo.lineCount
      value: 1
      objectReference: {fileID: 0}
    - target: {fileID: 8241078634384326594, guid: 962658c5c5a8b8a4faf49b1fbb8d7d7f,
        type: 3}
      propertyPath: m_textInfo.pageCount
      value: 1
      objectReference: {fileID: 0}
    - target: {fileID: 8241078634384326594, guid: 962658c5c5a8b8a4faf49b1fbb8d7d7f,
        type: 3}
      propertyPath: m_fontAsset
      value: 
      objectReference: {fileID: 11400000, guid: 337ed27e52504d3429d441b2842c7b1d,
        type: 2}
    m_RemovedComponents: []
  m_SourcePrefab: {fileID: 100100000, guid: 962658c5c5a8b8a4faf49b1fbb8d7d7f, type: 3}
--- !u!224 &4061963221587286582 stripped
RectTransform:
  m_CorrespondingSourceObject: {fileID: 4642003253839522754, guid: 962658c5c5a8b8a4faf49b1fbb8d7d7f,
    type: 3}
  m_PrefabInstance: {fileID: 8661912308473573876}
  m_PrefabAsset: {fileID: 0}
--- !u!114 &2495548115879246312 stripped
MonoBehaviour:
  m_CorrespondingSourceObject: {fileID: 6527049087043635228, guid: 962658c5c5a8b8a4faf49b1fbb8d7d7f,
    type: 3}
  m_PrefabInstance: {fileID: 8661912308473573876}
  m_PrefabAsset: {fileID: 0}
  m_GameObject: {fileID: 0}
  m_Enabled: 1
  m_EditorHideFlags: 0
  m_Script: {fileID: 11500000, guid: 8e67165949f21d64ba72f46ae178b11c, type: 3}
  m_Name: 
  m_EditorClassIdentifier: 
--- !u!1001 &8896890617945028074
PrefabInstance:
  m_ObjectHideFlags: 0
  serializedVersion: 2
  m_Modification:
    m_TransformParent: {fileID: 1649538242383347880}
    m_Modifications:
    - target: {fileID: 1618256124793360603, guid: cea74dfde248c9b4e89e64027fab1447,
        type: 3}
      propertyPath: m_Name
      value: Toggle Vertical
      objectReference: {fileID: 0}
    - target: {fileID: 3375788974509766879, guid: cea74dfde248c9b4e89e64027fab1447,
        type: 3}
      propertyPath: m_text
      value: Inverted Vertical
      objectReference: {fileID: 0}
    - target: {fileID: 3375788974509766879, guid: cea74dfde248c9b4e89e64027fab1447,
        type: 3}
      propertyPath: m_textInfo.characterCount
      value: 17
      objectReference: {fileID: 0}
    - target: {fileID: 3375788974509766879, guid: cea74dfde248c9b4e89e64027fab1447,
        type: 3}
      propertyPath: m_fontAsset
      value: 
      objectReference: {fileID: 11400000, guid: 337ed27e52504d3429d441b2842c7b1d,
        type: 2}
    - target: {fileID: 3375788974509766879, guid: cea74dfde248c9b4e89e64027fab1447,
        type: 3}
      propertyPath: m_sharedMaterial
      value: 
      objectReference: {fileID: -1817521816166677811, guid: 337ed27e52504d3429d441b2842c7b1d,
        type: 2}
    - target: {fileID: 4399962280377884299, guid: cea74dfde248c9b4e89e64027fab1447,
        type: 3}
      propertyPath: m_LocalPosition.x
      value: 0
      objectReference: {fileID: 0}
    - target: {fileID: 4399962280377884299, guid: cea74dfde248c9b4e89e64027fab1447,
        type: 3}
      propertyPath: m_LocalPosition.y
      value: 0
      objectReference: {fileID: 0}
    - target: {fileID: 4399962280377884299, guid: cea74dfde248c9b4e89e64027fab1447,
        type: 3}
      propertyPath: m_LocalPosition.z
      value: 0
      objectReference: {fileID: 0}
    - target: {fileID: 4399962280377884299, guid: cea74dfde248c9b4e89e64027fab1447,
        type: 3}
      propertyPath: m_LocalRotation.x
      value: 0
      objectReference: {fileID: 0}
    - target: {fileID: 4399962280377884299, guid: cea74dfde248c9b4e89e64027fab1447,
        type: 3}
      propertyPath: m_LocalRotation.y
      value: 0
      objectReference: {fileID: 0}
    - target: {fileID: 4399962280377884299, guid: cea74dfde248c9b4e89e64027fab1447,
        type: 3}
      propertyPath: m_LocalRotation.z
      value: 0
      objectReference: {fileID: 0}
    - target: {fileID: 4399962280377884299, guid: cea74dfde248c9b4e89e64027fab1447,
        type: 3}
      propertyPath: m_LocalRotation.w
      value: 1
      objectReference: {fileID: 0}
    - target: {fileID: 4399962280377884299, guid: cea74dfde248c9b4e89e64027fab1447,
        type: 3}
      propertyPath: m_RootOrder
      value: 4
      objectReference: {fileID: 0}
    - target: {fileID: 4399962280377884299, guid: cea74dfde248c9b4e89e64027fab1447,
        type: 3}
      propertyPath: m_LocalEulerAnglesHint.x
      value: 0
      objectReference: {fileID: 0}
    - target: {fileID: 4399962280377884299, guid: cea74dfde248c9b4e89e64027fab1447,
        type: 3}
      propertyPath: m_LocalEulerAnglesHint.y
      value: 0
      objectReference: {fileID: 0}
    - target: {fileID: 4399962280377884299, guid: cea74dfde248c9b4e89e64027fab1447,
        type: 3}
      propertyPath: m_LocalEulerAnglesHint.z
      value: 0
      objectReference: {fileID: 0}
    - target: {fileID: 4399962280377884299, guid: cea74dfde248c9b4e89e64027fab1447,
        type: 3}
      propertyPath: m_AnchoredPosition.x
      value: 0
      objectReference: {fileID: 0}
    - target: {fileID: 4399962280377884299, guid: cea74dfde248c9b4e89e64027fab1447,
        type: 3}
      propertyPath: m_AnchoredPosition.y
      value: 0
      objectReference: {fileID: 0}
    - target: {fileID: 4399962280377884299, guid: cea74dfde248c9b4e89e64027fab1447,
        type: 3}
      propertyPath: m_SizeDelta.x
      value: 0
      objectReference: {fileID: 0}
    - target: {fileID: 4399962280377884299, guid: cea74dfde248c9b4e89e64027fab1447,
        type: 3}
      propertyPath: m_SizeDelta.y
      value: 42.217285
      objectReference: {fileID: 0}
    - target: {fileID: 4399962280377884299, guid: cea74dfde248c9b4e89e64027fab1447,
        type: 3}
      propertyPath: m_AnchorMin.x
      value: 0
      objectReference: {fileID: 0}
    - target: {fileID: 4399962280377884299, guid: cea74dfde248c9b4e89e64027fab1447,
        type: 3}
      propertyPath: m_AnchorMin.y
      value: 0
      objectReference: {fileID: 0}
    - target: {fileID: 4399962280377884299, guid: cea74dfde248c9b4e89e64027fab1447,
        type: 3}
      propertyPath: m_AnchorMax.x
      value: 0
      objectReference: {fileID: 0}
    - target: {fileID: 4399962280377884299, guid: cea74dfde248c9b4e89e64027fab1447,
        type: 3}
      propertyPath: m_AnchorMax.y
      value: 0
      objectReference: {fileID: 0}
    - target: {fileID: 4399962280377884299, guid: cea74dfde248c9b4e89e64027fab1447,
        type: 3}
      propertyPath: m_Pivot.x
      value: 0.5
      objectReference: {fileID: 0}
    - target: {fileID: 4399962280377884299, guid: cea74dfde248c9b4e89e64027fab1447,
        type: 3}
      propertyPath: m_Pivot.y
      value: 0.5
      objectReference: {fileID: 0}
    m_RemovedComponents: []
  m_SourcePrefab: {fileID: 100100000, guid: cea74dfde248c9b4e89e64027fab1447, type: 3}
--- !u!224 &5077760754645789537 stripped
RectTransform:
  m_CorrespondingSourceObject: {fileID: 4399962280377884299, guid: cea74dfde248c9b4e89e64027fab1447,
    type: 3}
  m_PrefabInstance: {fileID: 8896890617945028074}
  m_PrefabAsset: {fileID: 0}
--- !u!114 &1090638152484257420 stripped
MonoBehaviour:
  m_CorrespondingSourceObject: {fileID: 8384193418155363174, guid: cea74dfde248c9b4e89e64027fab1447,
    type: 3}
  m_PrefabInstance: {fileID: 8896890617945028074}
  m_PrefabAsset: {fileID: 0}
  m_GameObject: {fileID: 0}
  m_Enabled: 1
  m_EditorHideFlags: 0
  m_Script: {fileID: 11500000, guid: 9085046f02f69544eb97fd06b6048fe2, type: 3}
  m_Name: 
  m_EditorClassIdentifier: 
--- !u!1001 &9184450154477723398
PrefabInstance:
  m_ObjectHideFlags: 0
  serializedVersion: 2
  m_Modification:
    m_TransformParent: {fileID: 1649538242383347880}
    m_Modifications:
    - target: {fileID: 1618256124793360603, guid: cea74dfde248c9b4e89e64027fab1447,
        type: 3}
      propertyPath: m_Name
      value: Toggle Horizontal
      objectReference: {fileID: 0}
    - target: {fileID: 3375788974509766879, guid: cea74dfde248c9b4e89e64027fab1447,
        type: 3}
      propertyPath: m_textInfo.characterCount
      value: 19
      objectReference: {fileID: 0}
    - target: {fileID: 3375788974509766879, guid: cea74dfde248c9b4e89e64027fab1447,
        type: 3}
      propertyPath: m_textInfo.spaceCount
      value: 1
      objectReference: {fileID: 0}
    - target: {fileID: 3375788974509766879, guid: cea74dfde248c9b4e89e64027fab1447,
        type: 3}
      propertyPath: m_textInfo.wordCount
      value: 2
      objectReference: {fileID: 0}
    - target: {fileID: 3375788974509766879, guid: cea74dfde248c9b4e89e64027fab1447,
        type: 3}
      propertyPath: m_textInfo.lineCount
      value: 1
      objectReference: {fileID: 0}
    - target: {fileID: 3375788974509766879, guid: cea74dfde248c9b4e89e64027fab1447,
        type: 3}
      propertyPath: m_textInfo.pageCount
      value: 1
      objectReference: {fileID: 0}
    - target: {fileID: 3375788974509766879, guid: cea74dfde248c9b4e89e64027fab1447,
        type: 3}
      propertyPath: m_fontAsset
      value: 
      objectReference: {fileID: 11400000, guid: 337ed27e52504d3429d441b2842c7b1d,
        type: 2}
    - target: {fileID: 3375788974509766879, guid: cea74dfde248c9b4e89e64027fab1447,
        type: 3}
      propertyPath: m_sharedMaterial
      value: 
      objectReference: {fileID: -1817521816166677811, guid: 337ed27e52504d3429d441b2842c7b1d,
        type: 2}
    - target: {fileID: 4399962280377884299, guid: cea74dfde248c9b4e89e64027fab1447,
        type: 3}
      propertyPath: m_LocalPosition.x
      value: 0
      objectReference: {fileID: 0}
    - target: {fileID: 4399962280377884299, guid: cea74dfde248c9b4e89e64027fab1447,
        type: 3}
      propertyPath: m_LocalPosition.y
      value: 0
      objectReference: {fileID: 0}
    - target: {fileID: 4399962280377884299, guid: cea74dfde248c9b4e89e64027fab1447,
        type: 3}
      propertyPath: m_LocalPosition.z
      value: 0
      objectReference: {fileID: 0}
    - target: {fileID: 4399962280377884299, guid: cea74dfde248c9b4e89e64027fab1447,
        type: 3}
      propertyPath: m_LocalRotation.x
      value: 0
      objectReference: {fileID: 0}
    - target: {fileID: 4399962280377884299, guid: cea74dfde248c9b4e89e64027fab1447,
        type: 3}
      propertyPath: m_LocalRotation.y
      value: 0
      objectReference: {fileID: 0}
    - target: {fileID: 4399962280377884299, guid: cea74dfde248c9b4e89e64027fab1447,
        type: 3}
      propertyPath: m_LocalRotation.z
      value: 0
      objectReference: {fileID: 0}
    - target: {fileID: 4399962280377884299, guid: cea74dfde248c9b4e89e64027fab1447,
        type: 3}
      propertyPath: m_LocalRotation.w
      value: 1
      objectReference: {fileID: 0}
    - target: {fileID: 4399962280377884299, guid: cea74dfde248c9b4e89e64027fab1447,
        type: 3}
      propertyPath: m_RootOrder
      value: 3
      objectReference: {fileID: 0}
    - target: {fileID: 4399962280377884299, guid: cea74dfde248c9b4e89e64027fab1447,
        type: 3}
      propertyPath: m_LocalEulerAnglesHint.x
      value: 0
      objectReference: {fileID: 0}
    - target: {fileID: 4399962280377884299, guid: cea74dfde248c9b4e89e64027fab1447,
        type: 3}
      propertyPath: m_LocalEulerAnglesHint.y
      value: 0
      objectReference: {fileID: 0}
    - target: {fileID: 4399962280377884299, guid: cea74dfde248c9b4e89e64027fab1447,
        type: 3}
      propertyPath: m_LocalEulerAnglesHint.z
      value: 0
      objectReference: {fileID: 0}
    - target: {fileID: 4399962280377884299, guid: cea74dfde248c9b4e89e64027fab1447,
        type: 3}
      propertyPath: m_AnchoredPosition.x
      value: 0
      objectReference: {fileID: 0}
    - target: {fileID: 4399962280377884299, guid: cea74dfde248c9b4e89e64027fab1447,
        type: 3}
      propertyPath: m_AnchoredPosition.y
      value: 0
      objectReference: {fileID: 0}
    - target: {fileID: 4399962280377884299, guid: cea74dfde248c9b4e89e64027fab1447,
        type: 3}
      propertyPath: m_SizeDelta.x
      value: 0
      objectReference: {fileID: 0}
    - target: {fileID: 4399962280377884299, guid: cea74dfde248c9b4e89e64027fab1447,
        type: 3}
      propertyPath: m_SizeDelta.y
      value: 42.217285
      objectReference: {fileID: 0}
    - target: {fileID: 4399962280377884299, guid: cea74dfde248c9b4e89e64027fab1447,
        type: 3}
      propertyPath: m_AnchorMin.x
      value: 0
      objectReference: {fileID: 0}
    - target: {fileID: 4399962280377884299, guid: cea74dfde248c9b4e89e64027fab1447,
        type: 3}
      propertyPath: m_AnchorMin.y
      value: 0
      objectReference: {fileID: 0}
    - target: {fileID: 4399962280377884299, guid: cea74dfde248c9b4e89e64027fab1447,
        type: 3}
      propertyPath: m_AnchorMax.x
      value: 0
      objectReference: {fileID: 0}
    - target: {fileID: 4399962280377884299, guid: cea74dfde248c9b4e89e64027fab1447,
        type: 3}
      propertyPath: m_AnchorMax.y
      value: 0
      objectReference: {fileID: 0}
    - target: {fileID: 4399962280377884299, guid: cea74dfde248c9b4e89e64027fab1447,
        type: 3}
      propertyPath: m_Pivot.x
      value: 0.5
      objectReference: {fileID: 0}
    - target: {fileID: 4399962280377884299, guid: cea74dfde248c9b4e89e64027fab1447,
        type: 3}
      propertyPath: m_Pivot.y
      value: 0.5
      objectReference: {fileID: 0}
    m_RemovedComponents: []
  m_SourcePrefab: {fileID: 100100000, guid: cea74dfde248c9b4e89e64027fab1447, type: 3}
--- !u!224 &4790271586884616589 stripped
RectTransform:
  m_CorrespondingSourceObject: {fileID: 4399962280377884299, guid: cea74dfde248c9b4e89e64027fab1447,
    type: 3}
  m_PrefabInstance: {fileID: 9184450154477723398}
  m_PrefabAsset: {fileID: 0}
--- !u!114 &805893365538002016 stripped
MonoBehaviour:
  m_CorrespondingSourceObject: {fileID: 8384193418155363174, guid: cea74dfde248c9b4e89e64027fab1447,
    type: 3}
  m_PrefabInstance: {fileID: 9184450154477723398}
  m_PrefabAsset: {fileID: 0}
  m_GameObject: {fileID: 0}
  m_Enabled: 1
  m_EditorHideFlags: 0
  m_Script: {fileID: 11500000, guid: 9085046f02f69544eb97fd06b6048fe2, type: 3}
  m_Name: 
  m_EditorClassIdentifier: 
